<?xml version="1.0" encoding="UTF-8" ?>
<Document xmlns="urn:iso:std:iso:20022:tech:xsd:pain.001.001.03">
    <CstmrCdtTrfInitn>
        <GrpHdr>
            <MsgId>$MESSAGE_ID</MsgId>
            <CreDtTm>2024-05-10T16:10:02.017+00:00</CreDtTm>
            <NbOfTxs>1</NbOfTxs>
            <CtrlSum>510.24</CtrlSum>
            <InitgPty>
                <Id>
                    <OrgId>
                        <Othr>
                            <Id>Client-Id</Id>
                        </Othr>
                    </OrgId>
                </Id>
            </InitgPty>
        </GrpHdr>
        <PmtInf>
            <PmtInfId>Batch-Id</PmtInfId>
            <PmtMtd>TRF</PmtMtd>
            <ReqdExctnDt>YYYY-MM-DD</ReqdExctnDt>
            <Dbtr>
                <Nm>Debtor Account Holder Name</Nm>
            </Dbtr>
            <DbtrAcct>
                <Id>
                    <IBAN>Debtor Account ID</IBAN>
                </Id>
            </DbtrAcct>
            <DbtrAgt>
                <FinInstnId>
                    <BIC>BANK BIC</BIC>
                </FinInstnId>
            </DbtrAgt>
            <CdtTrfTxInf>
                <PmtId>
                    <EndToEndId>End-to-End-Id</EndToEndId>
                </PmtId>
                <Amt>
                    <InstdAmt Ccy="GBP">510.24</InstdAmt>
                </Amt>
                <CdtrAgt>
                    <FinInstnId>
                        <BIC>BANK BIC</BIC>
                    </FinInstnId>
                </CdtrAgt>
                <Cdtr>
                    <Nm>Creditor Account Holder Name</Nm>
                </Cdtr>
                <CdtrAcct>
                    <Id>
                        <IBAN>Creditor Account Id</IBAN>
                    </Id>
                </CdtrAcct>
            </CdtTrfTxInf>
        </PmtInf>
    </CstmrCdtTrfInitn>
</Document>